@article{lacroix2025scaling,
  title={Scaling and logic in the color code on a superconducting quantum processor},
  author={Lacroix, N. and Google Quantum AI  and others},
  journal={Nature},
  pages={1--3},
  year={2025},
  publisher={Nature Publishing Group UK London}
}

@misc{zhou2025surfacecodeerrorcorrection,
      title={Surface Code Error Correction with Crosstalk Noise}, 
      author={Zeyuan Zhou and Andrew Ji and Yongshan Ding},
      year={2025},
      eprint={2503.04642},
      archivePrefix={arXiv},
      primaryClass={quant-ph},
      url={https://arxiv.org/abs/2503.04642}, 
}

@article{LaRose_2022,
   title={Mitiq: A software package for error mitigation on noisy quantum computers},
   volume={6},
   ISSN={2521-327X},
   url={http://dx.doi.org/10.22331/q-2022-08-11-774},
   DOI={10.22331/q-2022-08-11-774},
   journal={Quantum},
   publisher={Verein zur Forderung des Open Access Publizierens in den Quantenwissenschaften},
   author={LaRose, Ryan and Mari, Andrea and Kaiser, Sarah and Karalekas, Peter J. and Alves, Andre A. and Czarnik, Piotr and El Mandouh, Mohamed and Gordon, Max H. and Hindy, Yousef and Robertson, Aaron and Thakre, Purva and Wahl, Misty and Samuel, Danny and Mistri, Rahul and Tremblay, Maxime and Gardner, Nick and Stemen, Nathaniel T. and Shammah, Nathan and Zeng, William J.},
   year={2022},
   month=aug, pages={774} }


@misc{santos2025driftresilientmidcircuitmeasurementerror,
      title={Drift-resilient mid-circuit measurement error mitigation for dynamic circuits}, 
      author={Jader P. Santos and Raam Uzdin},
      year={2025},
      eprint={2506.11270},
      archivePrefix={arXiv},
      primaryClass={quant-ph},
      url={https://arxiv.org/abs/2506.11270}, 
}

@misc{filippov2023scalabletensornetworkerrormitigation,
      title={Scalable tensor-network error mitigation for near-term quantum computing}, 
      author={Sergei Filippov and Matea Leahy and Matteo A. C. Rossi and Guillermo García-Pérez},
      year={2023},
      eprint={2307.11740},
      archivePrefix={arXiv},
      primaryClass={quant-ph},
      url={https://arxiv.org/abs/2307.11740}, 
}

@article{ZNEPECintro,
  title = {Error Mitigation for Short-Depth Quantum Circuits},
  author = {Temme, Kristan and Bravyi, Sergey and Gambetta, Jay M.},
  journal = {Phys. Rev. Lett.},
  volume = {119},
  issue = {18},
  pages = {180509},
  numpages = {5},
  year = {2017},
  month = {Nov},
  publisher = {American Physical Society},
  doi = {10.1103/PhysRevLett.119.180509},
  url = {https://link.aps.org/doi/10.1103/PhysRevLett.119.180509}
}

@article{ZNEintro,
  title = {Efficient Variational Quantum Simulator Incorporating Active Error Minimization},
  author = {Li, Ying and Benjamin, Simon C.},
  journal = {Phys. Rev. X},
  volume = {7},
  issue = {2},
  pages = {021050},
  numpages = {14},
  year = {2017},
  month = {Jun},
  publisher = {American Physical Society},
  doi = {10.1103/PhysRevX.7.021050},
  url = {https://link.aps.org/doi/10.1103/PhysRevX.7.021050}
}

@article{Quek2024,
  title = {Exponentially tighter bounds on limitations of quantum error mitigation},
  volume = {20},
  ISSN = {1745-2481},
  url = {http://dx.doi.org/10.1038/s41567-024-02536-7},
  DOI = {10.1038/s41567-024-02536-7},
  number = {10},
  journal = {Nature Physics},
  publisher = {Springer Science and Business Media LLC},
  author = {Quek,  Yihui and Stilck Fran\c{c}a,  Daniel and Khatri,  Sumeet and Meyer,  Johannes Jakob and Eisert,  Jens},
  year = {2024},
  month = jul,
  pages = {1648–1658}
}

@ARTICLE{quek2024-2,
       author = {{Mele}, Antonio Anna and {Angrisani}, Armando and {Ghosh}, Soumik and {Khatri}, Sumeet and {Eisert}, Jens and {Stilck Fran{\c{c}}a}, Daniel and {Quek}, Yihui},
        title = "{Noise-induced shallow circuits and absence of barren plateaus}",
      journal = {arXiv e-prints},
     keywords = {Quantum Physics, Condensed Matter - Other Condensed Matter, Mathematical Physics},
         year = 2024,
        month = mar,
          eid = {arXiv:2403.13927},
        pages = {arXiv:2403.13927},
          doi = {10.48550/arXiv.2403.13927},
archivePrefix = {arXiv},
       eprint = {2403.13927},
 primaryClass = {quant-ph},
       adsurl = {https://ui.adsabs.harvard.edu/abs/2024arXiv240313927M},
      adsnote = {Provided by the SAO/NASA Astrophysics Data System}
}

@article{IBM-utility,
  title = {Evidence for the utility of quantum computing before fault tolerance},
  volume = {618},
  ISSN = {1476-4687},
  url = {http://dx.doi.org/10.1038/s41586-023-06096-3},
  DOI = {10.1038/s41586-023-06096-3},
  number = {7965},
  journal = {Nature},
  publisher = {Springer Science and Business Media LLC},
  author = {Kim,  Youngseok and Eddins,  Andrew and Anand,  Sajant and Wei,  Ken Xuan and van den Berg,  Ewout and Rosenblatt,  Sami and Nayfeh,  Hasan and Wu,  Yantao and Zaletel,  Michael and Temme,  Kristan and Kandala,  Abhinav},
  year = {2023},
  month = jun,
  pages = {500–505}
}

@ARTICLE{chertkov2025,
       author = {{Haghshenas}, Reza and {Chertkov}, Eli and {Mills}, Michael and {Kadow}, Wilhelm and {Lin}, Sheng-Hsuan and {Chen}, Yi-Hsiang and {Cade}, Chris and {Niesen}, Ido and {Begu{\v{s}}i{\'c}}, Tomislav and {Rudolph}, Manuel S. and {Cirstoiu}, Cristina and {Hemery}, Kevin and {Mc Keever}, Conor and {Lubasch}, Michael and {Granet}, Etienne and {Baldwin}, Charles H. and {Bartolotta}, John P. and {Bohn}, Matthew and {Cline}, Julia and {DeCross}, Matthew and {Dreiling}, Joan M. and {Foltz}, Cameron and {Francois}, David and {Gaebler}, John P. and {Gilbreth}, Christopher N. and {Gray}, Johnnie and {Gresh}, Dan and {Hall}, Alex and {Hankin}, Aaron and {Hansen}, Azure and {Hewitt}, Nathan and {Hutson}, Ross B. and {Iqbal}, Mohsin and {Kotibhaskar}, Nikhil and {Lehman}, Elliot and {Lucchetti}, Dominic and {Madjarov}, Ivaylo S. and {Mayer}, Karl and {Milne}, Alistair R. and {Moses}, Steven A. and {Neyenhuis}, Brian and {Park}, Gunhee and {Ponsioen}, Boris and {Schecter}, Michael and {Siegfried}, Peter E. and {Stephen}, David T. and {Tiemann}, Bruce G. and {Urmey}, Maxwell D. and {Walker}, James and {Potter}, Andrew C. and {Hayes}, David and {Kin-Lic Chan}, Garnet and {Pollmann}, Frank and {Knap}, Michael and {Dreyer}, Henrik and {Foss-Feig}, Michael},
        title = "{Digital quantum magnetism at the frontier of classical simulations}",
      journal = {arXiv e-prints},
     keywords = {Quantum Physics, Strongly Correlated Electrons},
         year = 2025,
        month = mar,
          eid = {arXiv:2503.20870},
        pages = {arXiv:2503.20870},
          doi = {10.48550/arXiv.2503.20870},
archivePrefix = {arXiv},
       eprint = {2503.20870},
 primaryClass = {quant-ph},
       adsurl = {https://ui.adsabs.harvard.edu/abs/2025arXiv250320870H},
      adsnote = {Provided by the SAO/NASA Astrophysics Data System}
}

@ARTICLE{wang2023,
       author = {{Majumdar}, Ritajit and {Rivero}, Pedro and {Metz}, Friederike and {Hasan}, Areeq and {Wang}, Derek S},
        title = "{Best practices for quantum error mitigation with digital zero-noise extrapolation}",
      journal = {arXiv e-prints},
     keywords = {Quantum Physics, Physics - Computational Physics},
         year = 2023,
        month = jul,
          eid = {arXiv:2307.05203},
        pages = {arXiv:2307.05203},
          doi = {10.48550/arXiv.2307.05203},
archivePrefix = {arXiv},
       eprint = {2307.05203},
 primaryClass = {quant-ph},
       adsurl = {https://ui.adsabs.harvard.edu/abs/2023arXiv230705203M},
      adsnote = {Provided by the SAO/NASA Astrophysics Data System}
}

@ARTICLE{leahy2024,
       author = {{Fischer}, Laurin E. and {Leahy}, Matea and {Eddins}, Andrew and {Keenan}, Nathan and {Ferracin}, Davide and {Rossi}, Matteo A.~C. and {Kim}, Youngseok and {He}, Andre and {Pietracaprina}, Francesca and {Sokolov}, Boris and {Dooley}, Shane and {Zimbor{\'a}s}, Zolt{\'a}n and {Tacchino}, Francesco and {Maniscalco}, Sabrina and {Goold}, John and {Garc{\'\i}a-P{\'e}rez}, Guillermo and {Tavernelli}, Ivano and {Kandala}, Abhinav and {Filippov}, Sergey N.},
        title = "{Dynamical simulations of many-body quantum chaos on a quantum computer}",
      journal = {arXiv e-prints},
     keywords = {Quantum Physics, Condensed Matter - Statistical Mechanics},
         year = 2024,
        month = nov,
          eid = {arXiv:2411.00765},
        pages = {arXiv:2411.00765},
          doi = {10.48550/arXiv.2411.00765},
archivePrefix = {arXiv},
       eprint = {2411.00765},
 primaryClass = {quant-ph},
       adsurl = {https://ui.adsabs.harvard.edu/abs/2024arXiv241100765F},
      adsnote = {Provided by the SAO/NASA Astrophysics Data System}
}

@article{cai2024,
  title = {Virtual Channel Purification},
  author = {Liu, Zhenhuan and Zhang, Xingjian and Fei, Yue-Yang and Cai, Zhenyu},
  journal = {PRX Quantum},
  volume = {6},
  issue = {2},
  pages = {020325},
  numpages = {33},
  year = {2025},
  month = {May},
  publisher = {American Physical Society},
  doi = {10.1103/PRXQuantum.6.020325},
  url = {https://link.aps.org/doi/10.1103/PRXQuantum.6.020325}
}

@ARTICLE{cai2025,
       author = {{Liu}, Kecheng and {Cai}, Zhenyu},
        title = "{Quantum Error Mitigation for Sampling Algorithms}",
      journal = {arXiv e-prints},
     keywords = {Quantum Physics},
         year = 2025,
        month = feb,
          eid = {arXiv:2502.11285},
        pages = {arXiv:2502.11285},
          doi = {10.48550/arXiv.2502.11285},
archivePrefix = {arXiv},
       eprint = {2502.11285},
 primaryClass = {quant-ph},
       adsurl = {https://ui.adsabs.harvard.edu/abs/2025arXiv250211285L},
      adsnote = {Provided by the SAO/NASA Astrophysics Data System}
}

